<collection xmlns="http://www.loc.gov/MARC21/slim">
<record xmlns="http://www.loc.gov/MARC21/slim">
  <rank>1</rank>
  <leader>00366nam  22001698a 4500</leader>
  <controlfield tag="001">   11224466   </controlfield>
  <controlfield tag="003">DLC  </controlfield>
  <controlfield tag="005">00000000000000.0  </controlfield>
  <controlfield tag="008">910710c19910701nju           00010 eng    </controlfield>
  <datafield tag="010" ind1=" " ind2=" ">
    <subfield code="a">   11224466 </subfield>
  </datafield>
  <datafield tag="040" ind1=" " ind2=" ">
    <subfield code="a">DLC</subfield>
    <subfield code="c">DLC</subfield>
  </datafield>
  <datafield tag="050" ind1="0" ind2="0">
    <subfield code="a">123-xyz</subfield>
  </datafield>
  <datafield tag="100" ind1="1" ind2="0">
    <subfield code="a">Jack Collins</subfield>
  </datafield>
  <datafield tag="245" ind1="1" ind2="0">
    <subfield code="a">How to program a computer</subfield>
  </datafield>
  <datafield tag="260" ind1="1" ind2=" ">
    <subfield code="a">Penguin</subfield>
  </datafield>
  <datafield tag="263" ind1=" " ind2=" ">
    <subfield code="a">8710</subfield>
  </datafield>
  <datafield tag="300" ind1=" " ind2=" ">
    <subfield code="a">p. cm.</subfield>
  </datafield>
</record>