
<record xmlns="http://www.loc.gov/MARC21/slim">
  <rank>3</rank>
  <leader>01369cam  2200265 i 4500</leader>
  <controlfield tag="001">   73090924 //r82  </controlfield>
  <controlfield tag="003">DLC  </controlfield>
  <controlfield tag="005">19820524000000.0  </controlfield>
  <controlfield tag="008">760609s1974    nyua     b    10110 eng    </controlfield>
  <datafield tag="010" ind1=" " ind2=" ">
    <subfield code="a">   73090924 //r82</subfield>
  </datafield>
  <datafield tag="040" ind1=" " ind2=" ">
    <subfield code="a">DLC</subfield>
    <subfield code="c">DLC</subfield>
    <subfield code="d">DLC</subfield>
  </datafield>
  <datafield tag="050" ind1="0" ind2="0">
    <subfield code="a">RC71.3</subfield>
    <subfield code="b">.W67 1971</subfield>
  </datafield>
  <datafield tag="082" ind1="0" ind2="0">
    <subfield code="a">616.07/575/02854</subfield>
  </datafield>
  <datafield tag="111" ind1="2" ind2="0">
    <subfield code="a">Workshop on Computer Processing of Dynamic Images from an Anger Scintillation Camera,</subfield>
    <subfield code="c">Washington University,</subfield>
    <subfield code="d">1971.</subfield>
  </datafield>
  <datafield tag="245" ind1="1" ind2="0">
    <subfield code="a">Computer processing of dynamic images from an Anger scintillation camera :</subfield>
    <subfield code="b">the proceedings of a workshop /</subfield>
    <subfield code="c">cosponsored by the Biomedical Computer Laboratory and the Nuclear Medicine Division, Department of Radiology, School of Medicine, Washington University, St. Louis, January 18-22, 1971 ; edited by Kenneth B. Larson, Jerome R. Cox, Jr.</subfield>
  </datafield>
  <datafield tag="260" ind1="0" ind2=" ">
    <subfield code="a">New York :</subfield>
    <subfield code="b">Society of Nuclear Medicine,</subfield>
    <subfield code="c">[c1974]</subfield>
  </datafield>
  <datafield tag="300" ind1=" " ind2=" ">
    <subfield code="a">xiv, p. :</subfield>
    <subfield code="b">ill. ;</subfield>
    <subfield code="c">24 cm.</subfield>
  </datafield>
  <datafield tag="504" ind1=" " ind2=" ">
    <subfield code="a">Includes bibliographical references and index.</subfield>
  </datafield>
  <datafield tag="650" ind1=" " ind2="0">
    <subfield code="a">Radioisotope scanning</subfield>
    <subfield code="x">Data processing</subfield>
    <subfield code="x">Congresses.</subfield>
  </datafield>
  <datafield tag="650" ind1=" " ind2="0">
    <subfield code="a">Scintillation cameras</subfield>
    <subfield code="x">Congresses.</subfield>
  </datafield>
  <datafield tag="650" ind1=" " ind2="0">
    <subfield code="a">Imaging systems in medicine</subfield>
    <subfield code="x">Data processing</subfield>
    <subfield code="x">Congresses.</subfield>
  </datafield>
  <datafield tag="700" ind1="1" ind2="0">
    <subfield code="a">Larson, Kenneth B.</subfield>
  </datafield>
  <datafield tag="700" ind1="1" ind2="0">
    <subfield code="a">Cox, Jerome R. </subfield>
  </datafield>
  <datafield tag="710" ind1="2" ind2="0">
    <subfield code="a">Washington University, St. Louis.</subfield>
    <subfield code="b">Biomedical Computer Laboratory.</subfield>
  </datafield>
  <datafield tag="710" ind1="2" ind2="0">
    <subfield code="a">Washington University, St. Louis.</subfield>
    <subfield code="b">Nuclear Medicine Division.</subfield>
  </datafield>
</record>
</collection>
